This file was created with JabRef 2.2b2.
Encoding: Cp1252

@MISC{COOKIE,
  author = {Wikipedia Community},
  title = {Cookie},
  howpublished = {Wikipedia},
  year = {2007},
  owner = {034776d},
  timestamp = {2007.01.30},
  url = {http://en.wikipedia.org/wiki/Cookie}
}

@INPROCEEDINGS{1188581,
  author = {Michael R. Head and Madhusudhan Govindaraju and Robert van Engelen
	and Wei Zhang},
  title = {Grid scheduling and protocols---Benchmarking XML processors for applications
	in grid web services},
  booktitle = {SC '06: Proceedings of the 2006 ACM/IEEE conference on Supercomputing},
  year = {2006},
  pages = {121},
  address = {New York, NY, USA},
  publisher = {ACM Press},
  doi = {http://doi.acm.org/10.1145/1188455.1188581},
  isbn = {0-7695-2700-0},
  location = {Tampa, Florida}
}

@INPROCEEDINGS{1185883,
  author = {Gabriella Kazai and Mounia Lalmas},
  title = {eXtended cumulated gain measures for the evaluation of content-oriented
	XML retrieval},
  year = {2006},
  volume = {24},
  number = {4},
  pages = {503--542},
  address = {New York, NY, USA},
  publisher = {ACM Press},
  doi = {http://doi.acm.org/10.1145/1185877.1185883},
  issn = {1046-8188},
  journal = {ACM Trans. Inf. Syst.},
  owner = {034776d},
  timestamp = {2007.01.30}
}

@INPROCEEDINGS{1185881,
  author = {Miro Lehtonen},
  title = {Preparing heterogeneous XML for full-text search},
  year = {2006},
  volume = {24},
  number = {4},
  pages = {455--474},
  address = {New York, NY, USA},
  publisher = {ACM Press},
  doi = {http://doi.acm.org/10.1145/1185877.1185881},
  issn = {1046-8188},
  journal = {ACM Trans. Inf. Syst.},
  owner = {034776d},
  timestamp = {2007.01.30}
}

@comment{jabref-meta: selector_publisher:}

@comment{jabref-meta: selector_author:}

@comment{jabref-meta: selector_journal:}

@comment{jabref-meta: selector_keywords:}

